<record><leader>00000cas a22000007a 4500</leader><controlfield tag="001">17807610</controlfield><controlfield tag="008">880418d191u192utxuwr ne      0    0eng d</controlfield><datafield ind1=" " ind2=" " tag="010"><subfield code="a">sn 88083356 </subfield></datafield><datafield ind1=" " ind2=" " tag="040"><subfield code="a">PPM</subfield><subfield code="b">eng</subfield><subfield code="c">PPM</subfield><subfield code="d">OCLCQ</subfield></datafield><datafield ind1=" " ind2=" " tag="042"><subfield code="a">msc</subfield></datafield><datafield ind1="0" ind2="4" tag="245"><subfield code="a">The West weekly news and times.</subfield></datafield><datafield ind1=" " ind2=" " tag="260"><subfield code="a">West, Tex. :</subfield><subfield code="b">Terrell Pub. Co.</subfield></datafield><datafield ind1=" " ind2=" " tag="310"><subfield code="a">Weekly</subfield></datafield><datafield ind1=" " ind2=" " tag="588"><subfield code="a">Description based on: Vol. 9, no. 14 (Dec. 14, 1917).</subfield></datafield><datafield ind1=" " ind2=" " tag="752"><subfield code="a">United States</subfield><subfield code="b">Texas</subfield><subfield code="c">McClennan</subfield><subfield code="d">West.</subfield></datafield><datafield ind1="0" ind2="4" tag="780"><subfield code="t">West weekly news</subfield><subfield code="w">(DLC)sn 88083362</subfield></datafield><datafield ind1="0" ind2="4" tag="780"><subfield code="t">West times</subfield><subfield code="w">(DLC)sn 86090428</subfield></datafield><datafield ind1="0" ind2="0" tag="785"><subfield code="t">West news</subfield><subfield code="w">(DLC)sn 86090380</subfield></datafield></record>